<?xml version="1.0" encoding="UTF-8" ?>
<collection xmlns:xsi="http://www.w3.org/2001/XMLSchema-instance"
    xsi:schemaLocation="http://www.loc.gov/MARC21/slim
        http://www.loc.gov/standards/marcxml/schema/MARC21slim.xsd"
    xmlns="http://www.loc.gov/MARC21/slim">
<record>
  <leader>00202cam a2200361 i 4500</leader>
  <controlfield tag="001">b12317743</controlfield>
  <controlfield tag="003">LeBAU</controlfield>
  <controlfield tag="005">20130927</controlfield>
  <controlfield tag="008">970119s1937    mr            ||0 0 mul d</controlfield>
  <datafield tag="035" ind1=" " ind2=" ">
    <subfield code="a">ocn784191345</subfield>
  </datafield>
  <datafield tag="040" ind1=" " ind2=" ">
    <subfield code="a">LEAUB</subfield>
    <subfield code="b">ara</subfield>
    <subfield code="e">rda</subfield>
    <subfield code="c">LEAUB</subfield>
    <subfield code="d">LEAUB</subfield>
  </datafield>
  <datafield tag="041" ind1="0" ind2=" ">
    <subfield code="a">ara</subfield>
    <subfield code="a">fre</subfield>
  </datafield>
  <datafield tag="082" ind1="0" ind2="4">
    <subfield code="a">070.3</subfield>
    <subfield code="2">20</subfield>
  </datafield>
  <datafield tag="100" ind1="1" ind2=" ">
    <subfield code="6">880-01</subfield>
    <subfield code="a">Colin, G. S.</subfield>
    <subfield code="q">(Georges Séraphin),</subfield>
    <subfield code="d">1893-1977,</subfield>
    <subfield code="e">compiler.</subfield>
  </datafield>
  <datafield tag="245" ind1="1" ind2="0">
    <subfield code="6">880-02</subfield>
    <subfield code="a">al-Dalīl al-murshid ilá qirāʼat al-jarāʼid :</subfield>
    <subfield code="b">vocabulaire des principaux neologismes usites dans l'arabe moderne / Georges S. Colin.</subfield>
    <subfield code="c">i‘taná bi-jam‘ihā wa-ja‘ala mā yuqābiluhā bi-al-Ifransīyah Jūrj Kūlān = Pour lire la presse Arabe :</subfield>
    <subfield code="b">vocabulaire des principaux neologismes usites dans l'arabe moderne / Georges S. Colin.</subfield>
  </datafield>
  <datafield tag="246" ind1="3" ind2="1">
    <subfield code="a">Pour lire la presse Arabe :</subfield>
    <subfield code="b">vocabulaire des principaux neologismes usites dans l'arabe moderne</subfield>
  </datafield>
  <datafield tag="264" ind1=" " ind2="1">
    <subfield code="6">880-03</subfield>
    <subfield code="a">al-Rabāṭ, [al-Maghrib] :</subfield>
    <subfield code="b">Maṭbaʻat Muṣṭafá ibn ʻAbd Allāh,</subfield>
    <subfield code="c">1937.</subfield>
  </datafield>
  <datafield tag="300" ind1=" " ind2=" ">
    <subfield code="6">880-04</subfield>
    <subfield code="a">73 pages ;</subfield>
    <subfield code="c">25 cm</subfield>
  </datafield>
  <datafield tag="336" ind1=" " ind2=" ">
    <subfield code="a">text</subfield>
    <subfield code="b">txt</subfield>
    <subfield code="2">rdacontent</subfield>
  </datafield>
  <datafield tag="337" ind1=" " ind2=" ">
    <subfield code="a">unmediated</subfield>
    <subfield code="b">n</subfield>
    <subfield code="2">rdamedia</subfield>
  </datafield>
  <datafield tag="338" ind1=" " ind2=" ">
    <subfield code="a">volume</subfield>
    <subfield code="b">nc</subfield>
    <subfield code="2">rdacarrier</subfield>
  </datafield>
  <datafield tag="546" ind1=" " ind2=" ">
    <subfield code="a">النص بالعربية والفرنسية.</subfield>
  </datafield>
  <datafield tag="650" ind1=" " ind2="4">
    <subfield code="a">الصحف العربية</subfield>
    <subfield code="x">مصطلحات</subfield>
    <subfield code="v">قواميس.</subfield>
  </datafield>
  <datafield tag="650" ind1=" " ind2="0">
    <subfield code="a">Arabic Newspaper</subfield>
    <subfield code="x">Terminology</subfield>
    <subfield code="v">Dictionaries.</subfield>
  </datafield>
  <datafield tag="852" ind1=" " ind2=" ">
    <subfield code="a">Jafet Library</subfield>
    <subfield code="e">American University of Beirut, Bliss Street , Beirut, Lebanon.</subfield>
  </datafield>
  <datafield tag="880" ind1="1" ind2=" ">
    <subfield code="6">100-01/(3/r</subfield>
    <subfield code="a">كولان، ج. س.</subfield>
    <subfield code="q">(جورج سيرافين)،</subfield>
    <subfield code="d">1893-1977،</subfield>
    <subfield code="e">معد. </subfield>
    <subfield code="4">com.</subfield>
  </datafield>
  <datafield tag="880" ind1="1" ind2="0">
    <subfield code="6">245-02/(3/r</subfield>
    <subfield code="a">الدليل المرشد الى قراءة الجرائد :</subfield>
    <subfield code="b">wa-huwa qāmūs wajīz yashtamil ʻalá aham al-iṣtilāḥat al-‘aṣrīyah al-mutadāwalah fī al-ṣuḥuf al-‘arabīyah /</subfield>
    <subfield code="c">إعتنى بجمعها وجعل ما يقابلها بالإفرنسية جورج كولان = Pour lire la presse Arabe :</subfield>
    <subfield code="b">vocabulaire des principaux neologismes usites dans l'arabe moderne / Georges S. Colin.</subfield>
  </datafield>
  <datafield tag="880" ind1=" " ind2="1">
    <subfield code="6">264-03/(3/r</subfield>
    <subfield code="a">الرباط، [المغرب] :</subfield>
    <subfield code="b">مطبعة مصطفى بن عبد الله،</subfield>
    <subfield code="c">1937.</subfield>
  </datafield>
  <datafield tag="880" ind1=" " ind2=" ">
    <subfield code="6">300-04/(3/r</subfield>
    <subfield code="a">73 صفحة ؛</subfield>
    <subfield code="c">25 سم</subfield>
  </datafield>
  <datafield tag="907" ind1=" " ind2=" ">
    <subfield code="a">.b12317743</subfield>
    <subfield code="b">16-04-26</subfield>
    <subfield code="c">11-05-24</subfield>
  </datafield>
  <datafield tag="907" ind1=" " ind2=" ">
    <subfield code="a">.b12317743</subfield>
    <subfield code="b">15-10-15</subfield>
    <subfield code="c">11-05-24</subfield>
  </datafield>
  <datafield tag="945" ind1=" " ind2=" ">
    <subfield code="f">J</subfield>
    <subfield code="a">070.3:K69dA:c.1</subfield>
    <subfield code="g">1</subfield>
    <subfield code="i">01001360</subfield>
    <subfield code="j">.i12746873</subfield>
    <subfield code="l">u0503</subfield>
  </datafield>
  <datafield tag="998" ind1=" " ind2=" ">
    <subfield code="a">u05</subfield>
    <subfield code="b">97-01-19</subfield>
    <subfield code="c">m</subfield>
    <subfield code="d">a</subfield>
    <subfield code="e">-</subfield>
    <subfield code="f">mul</subfield>
    <subfield code="g">mr </subfield>
    <subfield code="h">0</subfield>
    <subfield code="i">1</subfield>
  </datafield>
</record>
</collection>
